<?xml version="1.0" encoding="UTF-8"?><collection xmlns="http://www.loc.gov/MARC21/slim"><record><leader>00428nam--2200145-i-4500</leader><controlfield tag="001">000039407</controlfield><controlfield tag="002">20161230</controlfield><controlfield tag="005">20161230201042</controlfield><controlfield tag="008">060222s1000------------r-----000-0-eng-d</controlfield><datafield ind1=" " ind2=" " tag="080"><subfield code="a">535.822.6(06)</subfield></datafield><datafield ind1=" " ind2=" " tag="100"><subfield code="a">Robinson, P.C.And Bradbury, Savile</subfield></datafield><datafield ind1=" " ind2=" " tag="245"><subfield code="a">Qualitative polarized. light microscopy</subfield></datafield><datafield ind1=" " ind2=" " tag="260"><subfield code="a">London, Oxford Univ.Press, 1992, 121p</subfield></datafield><datafield ind1=" " ind2=" " tag="490"><subfield code="a">Royal Microscopical Society. Microscopy Handbooks</subfield></datafield><datafield ind1=" " ind2=" " tag="852"><subfield code="a">81205</subfield></datafield></record></collection>